% This file was created with JabRef 2.10.
% Encoding: UTF-8


@article {levequeArticle,
	Title = {{A Well-Balanced Path-Integral f-Wave Method for Hyperbolic Problems with Source Terms}},
	Author = {Leveque, Randall J},
	DOI = {10.1007/s10915-010-9411-0},
	Number = {1-3},
	Volume = {48},
	Month = {July},
	Year = {2011},
	Journal = {Journal of scientific computing},
	ISSN = {0885-7474},
	Pages = {209—226},
	URL = {https://europepmc.org/articles/PMC3928363},
}

@phdthesis{mintgen,
        author = "Mintgen, Goeran Florian",
        title = {{Coupling of Shallow and Non-Shallow Flow Solvers – An Open Source Framework}},
        type = "Dissertation",
        school = "Technische Universitaet Muenchen",
        address = "Muenchen",
        year = 2018
}


@misc{depthAv,
  author = {Flood Manager E-Learning},
  title = {{Depth-Averaged Shallow Water Equations}},
  howpublished = {\url{http://daad.wb.tu-harburg.de/fileadmin/BackUsersResources/Flood_Probability/2D/Steffi-2D/pdf/Depth-averaged_shallow_water_equation.pdf}},
  note = {Accessed: 2020-06-26}
}

@mastersthesis{espinosa,
        author = "Espinosa, Francisco",
        title = {{A flexible approach to 2D-3D coupling of Shallow-Water Equation solver to OpenFOAM}},
        school = "Technische Universitaet Muenchen",
        address = "Muenchen",
        year = 2020
}
